%%
% 参考文献
% 参考文献是毕业设计(论文)不可缺少的组成部分,它反映毕业设计(论文)的取材来源、材料的广博程度和材料的可靠程度,也是作者对他人知识成果的承认和尊重。一份完整的参考文献可向读者提供一份有价值的信息资料,列入的文献应在 10 篇以上,其中外文文献在 2 篇以上。
%%

@article{cai2010singular,
  title={A singular value thresholding algorithm for matrix completion},
  author={Cai, Jian-Feng and Cand{\`e}s, Emmanuel J and Shen, Zuowei},
  journal={SIAM Journal on Optimization},
  volume={20},
  number={4},
  pages={1956--1982},
  year={2010},
  publisher={SIAM}
}
@article{candes2009exact,
  title={Exact matrix completion via convex optimization},
  author={Cand{\`e}s, Emmanuel J and Recht, Benjamin},
  journal={Foundations of Computational mathematics},
  volume={9},
  number={6},
  pages={717},
  year={2009},
  publisher={Springer}
}
@article{borg2003modern,
  title={Modern multidimensional scaling: Theory and applications},
  author={Borg, Ingwer and Groenen, Patrick},
  journal={Journal of Educational Measurement},
  volume={40},
  number={3},
  pages={277--280},
  year={2003},
  publisher={Wiley Online Library}
}
@article{de2011applications,
  title={Applications of convex analysis to multidimensional scaling},
  author={De Leeuw, Jan},
  year={2011}
}
@article{keshavan2009gradient,
  title={A gradient descent algorithm on the grassman manifold for matrix completion},
  author={Keshavan, Raghunandan H and Oh, Sewoong},
  journal={arXiv preprint arXiv:0910.5260},
  year={2009}
}
@article{armijo1966minimization,
  title={Minimization of functions having Lipschitz continuous first partial derivatives},
  author={Armijo, Larry},
  journal={Pacific Journal of mathematics},
  volume={16},
  number={1},
  pages={1--3},
  year={1966},
  publisher={Mathematical Sciences Publishers}
}
@article{keshavan2010matrix,
  title={Matrix completion from a few entries},
  author={Keshavan, Raghunandan H and Montanari, Andrea and Oh, Sewoong},
  journal={IEEE transactions on information theory},
  volume={56},
  number={6},
  pages={2980--2998},
  year={2010},
  publisher={IEEE}
}
@article{torgerson1952multidimensional,
  title={Multidimensional scaling: I. Theory and method},
  author={Torgerson, Warren S},
  journal={Psychometrika},
  volume={17},
  number={4},
  pages={401--419},
  year={1952},
  publisher={Springer}
}





@article{kruskal1964multidimensional,
  title={Multidimensional scaling by optimizing goodness of fit to a nonmetric hypothesis},
  author={Kruskal, Joseph B},
  journal={Psychometrika},
  volume={29},
  number={1},
  pages={1--27},
  year={1964},
  publisher={Springer}
}
@article{recht2010guaranteed,
  title={Guaranteed minimum-rank solutions of linear matrix equations via nuclear norm minimization},
  author={Recht, Benjamin and Fazel, Maryam and Parrilo, Pablo A},
  journal={SIAM review},
  volume={52},
  number={3},
  pages={471--501},
  year={2010},
  publisher={SIAM}
}

@article{liu2009interior,
  title={Interior-point method for nuclear norm approximation with application to system identification},
  author={Liu, Zhang and Vandenberghe, Lieven},
  journal={SIAM Journal on Matrix Analysis and Applications},
  volume={31},
  number={3},
  pages={1235--1256},
  year={2009},
  publisher={SIAM}
}

@article{dokmanic2015euclidean,
  title={Euclidean distance matrices: essential theory, algorithms, and applications},
  author={Dokmanic, Ivan and Parhizkar, Reza and Ranieri, Juri and Vetterli, Martin},
  journal={IEEE Signal Processing Magazine},
  volume={32},
  number={6},
  pages={12--30},
  year={2015},
  publisher={IEEE}
}

@article{toh2010accelerated,
  title={An accelerated proximal gradient algorithm for nuclear norm regularized linear least squares problems},
  author={Toh, Kim-Chuan and Yun, Sangwoon},
  journal={Pacific Journal of optimization},
  volume={6},
  number={615-640},
  pages={15},
  year={2010}
}

@article{ma2011fixed,
  title={Fixed point and Bregman iterative methods for matrix rank minimization},
  author={Ma, Shiqian and Goldfarb, Donald and Chen, Lifeng},
  journal={Mathematical Programming},
  volume={128},
  number={1-2},
  pages={321--353},
  year={2011},
  publisher={Springer}
}

@article{lee2010admira,
  title={Admira: Atomic decomposition for minimum rank approximation},
  author={Lee, Kiryung and Bresler, Yoram},
  journal={IEEE Transactions on Information Theory},
  volume={56},
  number={9},
  pages={4402--4416},
  year={2010},
  publisher={IEEE}
}